<record><leader>00000cas a22000007a 4500</leader><controlfield tag="001">276839992</controlfield><controlfield tag="008">081202c20059999gaudr ne      0    0eng d</controlfield><datafield ind1=" " ind2=" " tag="010"><subfield code="a">  2008266903</subfield></datafield><datafield ind1=" " ind2=" " tag="040"><subfield code="a">GUA</subfield><subfield code="b">eng</subfield><subfield code="c">GUA</subfield><subfield code="d">GUA</subfield><subfield code="d">OCLCQ</subfield><subfield code="d">OCLCF</subfield><subfield code="d">OCLCO</subfield></datafield><datafield ind1=" " ind2=" " tag="042"><subfield code="a">msc</subfield></datafield><datafield ind1=" " ind2=" " tag="043"><subfield code="a">n-us-ga</subfield></datafield><datafield ind1="0" ind2="0" tag="245"><subfield code="a">Henry daily herald.</subfield></datafield><datafield ind1="1" ind2=" " tag="246"><subfield code="i">Weekend combined issue called:</subfield><subfield code="a">Henry daily herald weekend news daily</subfield></datafield><datafield ind1=" " ind2=" " tag="260"><subfield code="a">McDonough, Ga :</subfield><subfield code="b">Community Newspaper Holdings, Inc.</subfield></datafield><datafield ind1=" " ind2=" " tag="300"><subfield code="a">v.</subfield></datafield><datafield ind1=" " ind2=" " tag="310"><subfield code="a">Daily (except Sun.)</subfield></datafield><datafield ind1="1" ind2=" " tag="362"><subfield code="a">Began with vol. 34, no. 222 (Sept. 16, 2005).</subfield></datafield><datafield ind1=" " ind2=" " tag="515"><subfield code="a">No numbering on weekend issue, date only.</subfield></datafield><datafield ind1=" " ind2=" " tag="530"><subfield code="a">Also on microfilm: Athens, Ga. : University of Georgia Libraries.</subfield></datafield><datafield ind1=" " ind2=" " tag="588"><subfield code="a">Description based on: Vol. 34, no. 222 (Sept. 16, 2005).</subfield></datafield><datafield ind1=" " ind2=" " tag="588"><subfield code="a">Latest issue consulted: Vol. 34, no. 312 (Dec. 30, 2005).</subfield></datafield><datafield ind1=" " ind2="0" tag="651"><subfield code="a">Henry County (Ga.)</subfield><subfield code="v">Newspapers.</subfield></datafield><datafield ind1=" " ind2="7" tag="655"><subfield code="a">Newspapers.</subfield><subfield code="2">fast</subfield><subfield code="0">(OCoLC)fst01423814</subfield></datafield><datafield ind1=" " ind2="7" tag="651"><subfield code="a">Georgia</subfield><subfield code="z">Henry County.</subfield><subfield code="2">fast</subfield><subfield code="0">(OCoLC)fst01209687</subfield></datafield><datafield ind1=" " ind2=" " tag="752"><subfield code="a">United States</subfield><subfield code="b">Georgia</subfield><subfield code="c">Clayton</subfield><subfield code="d">Jonesboro.</subfield></datafield><datafield ind1=" " ind2=" " tag="752"><subfield code="a">United States</subfield><subfield code="b">Georgia</subfield><subfield code="c">Henry</subfield><subfield code="d">McDonough.</subfield></datafield><datafield ind1="0" ind2="0" tag="780"><subfield code="t">Daily herald (McDonough, Ga.)</subfield><subfield code="w">(DLC)  2002233218</subfield><subfield code="w">(OCoLC)51489592</subfield></datafield></record>